@book{ligh2010malware,
  title={Malware analyst's cookbook and DVD: tools and techniques for fighting malicious code},
  author={Ligh, Michael and Adair, Steven and Hartstein, Blake and Richard, Matthew},
  year={2010},
  publisher={Wiley Publishing}
}

@inproceedings{lin2011siggraph,
  title={SigGraph: Brute Force Scanning of Kernel Data Structure Instances Using Graph-based Signatures.},
  author={Lin, Zhiqiang and Rhee, Junghwan and Zhang, Xiangyu and Xu, Dongyan and Jiang, Xuxian},
  booktitle={NDSS Symposium},
  year={2011}
}

@article{temporal,
  title={Temporal Return Addresses, Exploitation Chronomancy},
  author={Skape},
  journal={Uninformed},
  url={http://www.uninformed.org/?v=2\&a=2},
  volume=2,
  month=Sept,
  year=2005,
}

@article{aho1975efficient,
  title={Efficient string matching: an aid to bibliographic search},
  author={Aho, Alfred V and Corasick, Margaret J},
  journal={Communications of the ACM},
  volume={18},
  number={6},
  pages={333--340},
  year={1975},
  publisher={ACM}
}

@misc{hot_patching,
  url = {http://blogs.msdn.com/b/oldnewthing/archive/2011/09/21/10214405.aspx},
  author = {Raymond Chen},
  title = {Why do Windows functions all begin with a pointless MOV EDI, EDI instruction?},
  year = 2011,
}

@misc{rekall-profiles,
  url = {https://github.com/google/rekall-profiles},
  author = {{The Rekall Team}},
  title = {{The Rekall Profile Repository}},
  year = 2014,
}

@misc{add,
  author = {Jake Williams and Alissa Torres},
  title = {ADD - Complicating Memory Forensics Through Memory Disarray},
  year = {2014},
  url = {https://archive.org/details/ShmooCon2014\_ADD\_Complicating\_Memory\_Forensics\_Through\_Memory\_Disarray},
}

@misc{volatility,
  author = {{The Volatility Foundation}},
  title = {{The Volatility Framework}},
  year = {2014},
  url = {http://www.volatilityfoundation.org/},
}

@misc{rekall,
  author = {{The~Rekall~Team}},
  title = {{The Rekall Memory Forensic Framework}},
  year = {2014},
  url = {http://www.rekall-forensic.com/},
}


@misc{mandt2011kernel,
  title={Kernel Attacks through User-Mode Callbacks},
  author={Mandt, Tarjei},
  year={2011},
  url={http://media.blackhat.com/bh-us-11/Mandt/BH\_US\_11\_Mandt\_win32k\_WP.pdf},
}

@book{yuan2001windows,
  title={Windows Graphics Programming: Win32 GDI and DirectDraw},
  author={Yuan, Feng},
  year={2001},
  publisher={Prentice Hall Professional}
}

@inproceedings{sun2012reversing,
  title={Reversing Engineering Data Structures in Binary Programs: Overview and Case Study},
  author={Sun, Xiao Xia and Chen, Hua and Wen, Yan and Huang, Min Huan},
  booktitle={Innovative Mobile and Internet Services in Ubiquitous Computing (IMIS), 2012 Sixth International Conference on},
  pages={400--404},
  year={2012},
  organization={IEEE}
}


@article{dolan2007vad,
  title={The VAD tree: A process-eye view of physical memory},
  author={Dolan-Gavitt, Brendan},
  journal={digital investigation},
  volume={4},
  pages={62--64},
  year={2007},
  publisher={Elsevier}
}

@book{Ligh:2014:AMF:2621971,
 author = {Ligh, Michael Hale and Case, Andrew and Levy, Jamie and Walters, Aaron},
 title = {The Art of Memory Forensics: Detecting Malware and Threats in Windows, Linux, and Mac Memory},
 year = {2014},
 isbn = {1118825098, 9781118825099},
 edition = {1st},
 publisher = {Wiley Publishing},
}

@inproceedings{schuster2006pool,
  title={Pool Allocations as an Information Source in Windows Memory Forensics.},
  author={Schuster, Andreas},
  booktitle={IMF},
  pages={104--115},
  year={2006}
}

@article{schuster2008impact,
  title={The impact of Microsoft Windows pool allocation strategies on memory forensics},
  author={Schuster, Andreas},
  journal={digital investigation},
  volume={5},
  pages={S58--S64},
  year={2008},
  publisher={Elsevier}
}

@article{schuster2006searching,
  title={Searching for processes and threads in Microsoft Windows memory dumps},
  author={Schuster, Andreas},
  journal={digital investigation},
  volume={3},
  pages={10--16},
  year={2006},
  publisher={Elsevier}
}

@article{okolica2010windows,
  title={Windows operating systems agnostic memory analysis},
  author={Okolica, James and Peterson, Gilbert L},
  journal={digital investigation},
  volume={7},
  pages={S48--S56},
  year={2010},
  publisher={Elsevier}
}

@book{Schreiber:2001:UWS:375734,
 author = {Schreiber, Sven B.},
 title = {Undocumented Windows 2000 Secrets: A Programmer's Cookbook},
 year = {2001},
 isbn = {0-201-72187-2},
 publisher = {Addison-Wesley Longman Publishing Co., Inc.},
 address = {Boston, MA, USA},
}

@misc{moyix2007,
 author = {Brendan Dolan-Gavitt},
 title = {Push the Red Button: The Types Stream},
 year = {2007},
 howpublished = {\url{http://moyix.blogspot.de/2007/10/types-stream.html}},
}


@article{roussev2014image,
  title={Image-based kernel fingerprinting},
  author={Roussev, Vassil and Ahmed, Irfan and Sires, Thomas},
  journal={Digital Investigation},
  volume={11},
  pages={S13--S21},
  year={2014},
  publisher={Elsevier}
}

@article{haruyama2012one,
  title={One-byte modification for breaking memory forensic analysis},
  author={Haruyama, Takahiro and Suzuki, Hiroshi},
  journal={Black Hat Europe},
  year={2012}
}

@article{case2010dynamic,
  title={Dynamic recreation of kernel data structures for live forensics},
  author={Case, Andrew and Marziale, Lodovico and Richard III, Golden G},
  journal={Digital Investigation},
  volume={7},
  pages={S32--S40},
  year={2010},
  publisher={Elsevier}
}

@article{stuttgen2014robust,
  title={Robust Linux memory acquisition with minimal target impact},
  author={St{\"u}ttgen, Johannes and Cohen, Michael},
  journal={Digital Investigation},
  volume={11},
  pages={S112--S119},
  year={2014},
  publisher={Elsevier}
}

@article{cohen2011distributed,
  title={Distributed forensics and incident response in the enterprise},
  author={Michael Cohen and Darren Bilby and Germano Caronni},
  journal={digital investigation},
  volume={8},
  pages={S101--S110},
  year={2011},
  publisher={Elsevier}
}


